# -----------------------------------------------------------------------------
#
# Overview
# - Academic work (publications and presentations)
# - Stored in dropbox and hosted on GITHUB
#
# Structure
# - Publications
#   - Articles
#   - Books/Chapters
#   - Proceedings
#   - Other publications
#   - Submitted
#   - In preparation
# - Software
#	  - R packages
#	  - Shiny apps
# - Presentations
#   - refereed presentations
#   - Poster presentations
#   - Unrefereed presentations
#   - Invited talks
#   - Workshops
#
# Last update: 20241220
#
# -----------------------------------------------------------------------------









# publications ----------------------------------------------------------------

%
% Articles 
%

% In press


% Published
@article{coretta-casillas_lab-article_2024, 
  author = {Coretta, Stefano and Joseph Vincent Casillas}, 
  title = {A tutorial on generalised additive mixed effects models for bilingualism research}, 
  journal = {Linguistic Approaches to Bilingualism}, 
  year = {2024}, 
  pages = {1--24}, 
  doi = {10.1075/lab.23076.cor}
}

@article{sagarra-fernandez-lozano-casillas_ll-article_2024, 
  author = {Nuria Sagarra and Laura Fernández and Cristina Lozano-Argüelles and Joseph Vincent Casillas}, 
  title = {Unraveling the Complexities of Second Language Lexical Stress Processing: {T}he Impact of First Language Transfer, Second Language Proficiency, and Exposure}, 
  journal = {Language Learning}, 
  year = {2024}, 
  volume = {74}, 
  number = {3}, 
  pages = {574--605}, 
  doi = {10.1111/lang.12627}
}

@article{bochynska-etal_gpsy-article_2023, 
  author = {Agata Bochynska and Liam Keeble and Caitlin Halfacre and Joseph Vincent Casillas and Irys-Amélie Champagne and Kaidi Chen and Melanie Röthlisberger and Buchanan, E. M. and Roettger, T. B.}, 
  title = {Reproducible research practices and transparency across {L}inguistics}, 
  journal = {Glossa Psycholinguistics}, 
  year = {2023}, 
  volume = {2}, 
  number = {1}, 
  pages = {1--36},
  doi = {10.5070/G6011239}
}

@ARTICLE{sagarra-casillas_frontiers-article_2023,
  author = {Sagarra, Nuria and Joseph Vincent Casillas},
  title = {Practice beats age: {C}o-activation shapes heritage speakers' lexical access more than age of onset},
  journal = {Frontiers in Psychology},
  volume = {14},	
  year = {2023},
  pages = {1--18}, 
  doi = {10.3389/fpsyg.2023.1141174}
}

@article{lozano-casillas-sagarra_frontiers-article_2023,
  author = {Lozano-Argüelles, Cristina and Sagarra, Nuria and Joseph Vincent Casillas},   
  title = {Interpreting experience and working memory effects on {L1} and {L2} morphological prediction},      
  journal = {Frontiers in Language Sciences},      
  volume = {1},           
  year = {2023},
  pages = {1--16}, 
  doi = {10.3389/flang.2022.1065014}
}

@article{coretta-etal_ampps-article_2023,
  author = {Stefano Coretta and Joseph Vincent Casillas and Simon Roessig and Michael Franke and Byron Ahn and Ali H. Al-Hoorie and Jalal Al-Tamimi and Najd E. Alotaibi and Mohammed K. AlShakhori and Ruth M. Altmiller and Pablo Arantes and Angeliki Athanasopoulou and Melissa M. Baese-Berk and George Bailey and Cheman Baira A Sangma and Eleonora J. Beier and Gabriela M. Benavides and Nicole Benker and Emelia P. BensonMeyer and Nina R. Benway and Grant M. Berry and Liwen Bing and Christina Bjorndahl and Mariška Bolyanatz and Aaron Braver and Violet A. Brown and Alicia M. Brown and Alejna Brugos and Erin M. Buchanan and Tanna Butlin and Andrés Buxó-Lugo and Coline Caillol and Francesco Cangemi and Christopher Carignan and Sita Carraturo and Tiphaine Caudrelier and Eleanor Chodroff and Michelle Cohn and Johanna Cronenberg and Olivier Crouzet and Erica L. Dagar and Charlotte Dawson and Carissa A. Diantoro and Marie Dokovova and Shiloh Drake and Fengting Du and Margaux Dubuis and Florent Duême and Matthew Durward and Ander Egurtzegi and Mahmoud M. Elsherif and Janina Esser and Emmanuel Ferragne and Fernanda Ferreira and Lauren K. Fink and Sara Finley and Kurtis Foster and Paul Foulkes and Rosa Franzke and Gabriel Frazer-McKee and Robert Fromont and Christina García and Jason Geller and Camille L. Grasso and Pia Greca and Martine Grice and Magdalena S. Grose-Hodge and Amelia J. Gully and Caitlin Halfacre and Ivy Hauser and Jen Hay and Robert Haywood and Sam Hellmuth and Allison I. Hilger and Nicole Holliday and Damar Hoogland and Yaqian Huang and Vincent Hughes and Ane Icardo Isasa and Zlatomira G. Ilchovska and Hae-Sung Jeon and Jacq Jones and Mágat N. Junges and Stephanie Kaefer and Constantijn Kaland and Matthew C. Kelley and Niamh E. Kelly and Thomas Kettig and Ghada Khattab and Ruud Koolen and Emiel Krahmer and Dorota Krajewska and Andreas Krug and Abhilasha A. Kumar and Anna Lander and Tomas O. Lentz and Wanyin Li and Yanyu Li and Maria Lialiou and Ronaldo M. Lima, Jr. and Justin J. H. Lo and Julio Cesar Lopez Otero and Bradley Mackay and Bethany MacLeod and Mel Mallard and Carol-Ann Mary McConnellogue and George Moroz and Mridhula Murali and Ladislas Nalborczyk and Filip Nenadić and Jessica Nieder and Dušan Nikolić and Francisco G. S. Nogueira and Heather M. Offerman and Elisa Passoni and Maud Pélissier and Scott J. Perry and Alexandra M. Pfiffner and Michael Proctor and Ryan Rhodes and Nicole Rodríguez and Elizabeth Roepke and Jan P. Röer and Lucia Sbacco and Rebecca Scarborough and Felix Schaeffler and Erik Schleef and Dominic Schmitz and Alexander Shiryaev and Márton Sóskuthy and Malin Spaniol and Joseph A. Stanley and Alyssa Strickler and Alessandro Tavano and Fabian Tomaschek and Benjamin V. Tucker and Rory Turnbull and Kingsley O. Ugwuanyi and Iñigo Urrestarazu-Porta and Ruben {van de Vijver} and Kristin J. Van Engen and Emiel {van Miltenburg} and Bruce Xiao Wang and Natasha Warner and Simon Wehrle and Hans Westerbeek and Seth Wiener and Stephen Winters and Sidney G.-J. Wong and Anna Wood and Jane Wottawa and Chenzi Xu and Germán Zárate-Sández and Georgia Zellou and Cong Zhang and Jian Zhu and Timo B. Roettger},
  title ={Multidimensional Signals and Analytic Flexibility: Estimating Degrees of Freedom in Human-Speech Analyses},
  journal = {Advances in Methods and Practices in Psychological Science},
  volume = {6},
  number = {3},
  pages = {1--29},
  year = {2023},
  doi = {10.1177/25152459231162567}
}

@article{casillas-etal_ap-article_2023, 
  author={Joseph Vicent Casillas and Garrido-Pozú, Juan José and Parrish, Kyle and Fernández Arroyo, Laura and Rodríguez, Nicole and Esposito, Robert and Chang, Isabelle and Gómez, Kimberly and Constantin-Dureci, Gabriela and Shao, Jiawei and Rascón, Iván and Taveras, Katherine}, 
  title={Using intonation to disambiguate meaning: {T}he role of empathy and proficiency in {L}2 perceptual development}, 
  journal={Applied Psycholinguistics}, 
  volume={44}, 
  number={5}, 
  DOI={10.1017/S0142716423000310}, 
  year={2023}, 
  pages={913--940}
}

@article{carignan-casillas-chodroff-zellou_fic-article_2022,
  author = {Carignan, Christopher and Joseph Vicent Casillas and Chodroff, Eleanor and Zellou, Georgia},
  title = {Editorial: Fuzzy boundaries: {A}mbiguity in speech production and comprehension},
  journal = {Frontiers in Communication},
  volume = {7},
  year = {2022}, 
  pages = {1--3}, 
  doi = {10.3389/fcomm.2022.1112753}
}

@article{jimenez-casillas_tcb-article_2021,
  Author = {Miguel Jiménez-Crespo and Joseph Vicent Casillas},
  Title = {Literal is not always easier: {L}iteral and default translation, post-editing effort, and comparable corpora},
  Year = {2021}, 
  Journal = {Translation, Cognition & Behavior}, 
  Volume = {4}, 
  number = {1}, 
  pages = {98--123}, 
  doi = {https://doi.org/10.1075/tcb.00048.jim}
}

@article{casillas_languages-article_2021,
	Author = {Joseph Vicent Casillas},
	Title = {Interlingual Interactions Elicit Performance Mismatches Not {'Compromise'} Categories in Early Bilinguals: {E}vidence from Meta-Analysis and Coronal Stops},
	Year = {2021}, 
	Journal = {Languages}, 
	volume = {6}, 
	number = {9}, 
	pages = {1--20}, 
	doi = {https://doi.org/10.3390/languages6010009}
	}

@article{casillas_ssla-article_2020,
  Author = {Cristina Lozano-Argüelles and Laura Fernández Arroyo and Nicole Rodríguez and Ezequiel Durand and Juan José Garrido Pozú and Jennifer Markovits Rojas and Jessica Varela and Núria {de Rocafiguera} and Joseph Vicent Casillas},
  Title = {Conceptually cued perceptual categorization in adult {L}2 learners},
  Year = {2021}, 
  Volume = {43}, 
  number = {1}, 
  Pages = {204-219}, 
  Journal = {Studies in Second Language Acquisition}, 
  doi = {https://doi.org/10.1017/S0272263120000273}
}

@article{casillas_ll-article_2020,
  Author = {Joseph Vincent Casillas}, 
  Title = {The longitudinal development of fine-phonetic detail: {S}top production in a domestic immersion program},
  Year = {2020}, 
  Journal = {Language Learning}, 
  doi = {https://doi.org/https://doi.org/10.1111/lang.12392}, 
  volume = {70}, 
  number = {3}, 
  pages = {768--806}
}

@article{casillas_las-article_2020,
  Author = {Joseph Vincent Casillas}, 
  Title = {Phonetic category formation is perceptually driven during the early stages of adult {L}2 development},
  Journal = {Language and Speech}, 
  Year = {2020}, 
  doi = {https://doi.org/10.1177/0023830919866225}, 
  volume = {63}, 
  number = {3}, 
  pages = {550--581}
}

@article{sagarra-lozano-casillas_blc-article_2019,
  Author = {Cristina Lozano-Argüelles and Nuria Sagarra and Joseph Vincent Casillas}, 
  Title = {Slowly but surely: {I}nterpreting facilitates {L}2 morphological anticipation based on suprasegmental and segmental information},
  Year = {2020},
  Volume = {23}, 
  number = {4}, 
  Pages = {752-762}, 
  Journal = {Bilingualism: Language and Cognition}, 
  doi = {https://doi.org/10.1017/S1366728919000634}
}

@article{casillas-simonet_jphon-article_2018,
  Author = {Joseph Vincent Casillas and Miquel Simonet},
  Journal = {Journal of Phonetics},
  Title = {{Perceptual categorization and bilingual language modes: Assessing the double phonemic boundary in early and late bilinguals}},
  Volume = {71},
  Year = {2018}, 
  pages = {51--64}, 
  doi = {https://doi.org/10.1016/j.wocn.2018.07.002}
}

@article{sagarra-casillas_jsls-article_2018,
  Author = {Nuria Sagarra and Joseph Vincent Casillas},
  Journal = {Journal of Second Language Studies},
  Title = {Suprasegmental information cues morphological anticipation during {L1/L2} lexical access},
  Volume = {1},
  number = {1}, 
  Year = {2018}, 
  pages = {31--59}, 
  doi = {https://doi.org/10.1075/jsls.17026.sag}
}

@article{bessett-casillas-ramirez_spic-article_2017,
  Author = {Ryan Matthew Bessett and Joseph Vincent Casillas and Marta {Ramírez Martínez}}, 
  Title = {Language choice and accommodation: Casual encounters in San Ysidro and Nogales},
  Journal = {Spanish in Context},
  Volume = {14}, 
  Number = {1}, 
  pages = {78--98},
  Year = {2017}, 
  doi = {https://doi.org/10.1075/sic.14.1.04bes}
}

@article{llompart-casillas_jasael-article_2016,
  Author = {Miquel Llompart and Joseph Vincent Casillas}, 
  Title = {Lexically driven selective adaptation by ambiguous auditory stimuli occurs after limited exposure to adaptors},
  Journal = {Journal of the Acoustical Society of America},
  Volume = {139}, 
  Number = {5}, 
  pages = {EL172--EL177},
  Year = {2016}, 
  doi = {https://doi.org/10.1121/1.4951704}
}

@article{casillas-simonet_slr-article_2016,
  author = {Casillas, Joseph V and Simonet, Miquel}, 
  title = {Production and perception of the English /æ/-/ɑ/ contrast in switched-dominance speakers},
  year = {2016}, 
  Volume = {32}, 
  Number = {2},
  Pages = {171-195},
  journal = {Second Language Research}, 
  doi = {https://doi.org/10.1177/0267658315608912}
}

@article{casillas_phonetica-article_2015,
  Author = {Joseph Vincent Casillas},
  Title = {Production and perception of the /i/-/ɪ/ vowel contrast: The case of L2-dominant early learners of English},
  Journal = {Phonetica},
  Volume = {72},
  Number = {2-3},
  Pages = {182-205},
  Year = {2015},
  doi = {https://doi.org/10.1159/000431101}
}

%
% Books/Chapters
%

% In press
@book{casillas_eal-chapter_2025, 
  author = {Joseph Vincent Casillas}, 
  title = {{Bayesian Statistics. The Encyclopedia of Applied Linguistics}}, 
  journal = {The Encylopedia of Applied Lingusitics}, 
  year = {In press}, 
  date = {}
}

% Published
@INCOLLECTION{casillas_chbpp-chapter_2024,
  author   = {Joseph Vincent Casillas},
  title    = {The Speech Production of Bilingual Adults},
  pages    = {407--425},
  doi      = {10.1017/9781009105767.019}, 
  crossref = {amengual_chbpp-book_2024}, 
  year     = {2024}
}

@BOOK{amengual_chbpp-book_2024,
  editor    = {Amengual, M},
  title     = {The Cambridge Handbook of Bilingual Phonetics and Phonology},
  booktitle = {The Cambridge Handbook of Bilingual Phonetics and Phonology},
  publisher = {Cambridge University Press},
  year      = {2024},
  isbn      = {9781009105767}, 
  doi       = {10.1017/9781009105767}
}

%
% Proceedings 
%

@inproceedings{casillas_icphs-article_2019,
  Author = {Joseph Vincent Casillas},
  Editor = {{Sasha Calhoun and Paola Escudero and Marija Tabain and Paul Warren}},
  Organization = {In Proceedings of the 19th International Congress of Phonetic Sciences}, 
  Publisher = {Melbourne, Australia 2019 (ISBN: 978-0-646-80069-1)},
  Title = {Semantic processing triggers cross-linguistic interference during early phonetic category development},
  Booktitle = {ICPhS 19}, 
  Pages = {3348-3352},
  Year = {2019}
}

@inproceedings{casillas-diaz-simonet_icphs-article_2015,
  Author = {Joseph Vincent Casillas and Yamile Díaz and Miquel Simonet},
  Editor = {The Scottish Consortium for ICPhS 2015},
  Organization = {Proceedings of the 18th International Congress of Phonetic Sciences},
  Publisher = {University of Glasgow: Glasgow. http://www.icphs2015.info, ISSN: 241-0669},
  Title = {Acoustics of Spanish and English coronal stops},
  Booktitle = {ICPhS 18},
  Pages = {1-5}, 
  Year = {2015}
}

@inproceedings{simonet-casillas-diaz_sp7-article_2014,
  Author = {Miquel Simonet and Joseph Vincent Casillas and Yamile Díaz},
  Editor = {N Campbell and D Gibbon and D Hirst},
  Organization = {Proceedings of the 7th international conference on Speech Prosody: Social and Linguistic Speech Prosody},
  Publisher = {Trinity College, Dublin. speechprosody2014.org, 
  ISSN: 2333-2042},
  Title = {The effects of stress/accent on VOT depend on language ({E}nglish, {S}panish), consonant (/d/, /t/) and linguistic experience (monolinguals, bilinguals)},
  Booktitle = {Speech Prosody 7},
  Pages = {202-206}, 
  Year = {2014}
}

@inproceedings{casillas_wss6-article_2013,
  Author = {Casillas, Joseph Vincent},
  Editor = {Ana M. Carvalho and Sara Beaudrie},
  Publisher = {Somerville, MA: Cascadilla Proceedings Project. www.lingref.com, document #2867},
  Title = {La fricativización del africado /t&#643;/: actitudes lingüísticas cerca de la frontera},
  Booktitle = {Selected Proceedings of the 6th Workshop on Spanish Sociolinguistics},
  Pages = {177-188},
  Year = {2013}
}

%
% Other publications 
%

@ARTICLE{casillas_routledge-review_2017,
	author = {Joseph Vincent Casillas},
	title = {Reseña de {L}acorte, {M}anel. 2014. {T}he {R}outledge {H}andbook of {H}ispanic {A}pplied {L}inguistics. {N}ew {Y}ork: {R}outledge.},
	journal = {Infoling},
	year = {2017},
	Volume = {2},
	Number = {43}, 
	URL = {http://infoling.org/informacion/Review230.htm}
	}

@BOOK{casillas-bessett_df-table_2013,
  author = {Joseph Vincent Casillas and Ryan Matthew Bessett},
  editor = {Cedeño, R. A. N. and Colina, S. and Bradley, T. G.},
  title = {Cuadro de los rasgos distintivos y los alófonos del español [Table]},
  booktitle = {Fonología generativa contemporánea de la lengua española},
  publisher = {Georgetown University Press},
  year = {2013},
  url = {https://github.com/jvcasill/rasgos_distintivos}
}

@BOOK{colina_fgc-book_2013,
  editor = {Cedeño, R. A. N. and Colina, S. and Bradley, T. G.},
  title = {Fonología generativa contemporánea de la lengua española},
  booktitle = {Fonología generativa contemporánea de la lengua española},
  publisher = {Georgetown University Press. Available: \href{https://github.com/jvcasill/rasgos_distintivos}{https://github.com/jvcasill/rasgos\_distintivos}},
  year = {2013},
  url = {https://github.com/jvcasill/rasgos_distintivos}
}

@article{casillas_divergencias-article_2012,
  Author = {Joseph Vincent Casillas},
  Journal = {Divergencias: Revista de estudios lingüísticos y literarios},
  Number = {1},
  Title = {La fricativización del africado /t&#643;/ en el habla de las mujeres del sur de {A}rizona},
  Volume = {10},
  Pages = {56-70}, 
  Year = {2012}
}

@article{casillas_ghm-article_2010,
  Author = {Joseph Vincent Casillas},
  Issn = {1886-1741},
  Journal = {La Gaceta Hispánica de Madrid},
  Title = {La vibrante múltiple intervocálica: los ejercicios de canto como ayuda a su pronunciación en español},
  Volume = {VIII},
  Year = {2010}
}

@article{casillas_ghm-article_2009,
  Author = {Joseph Vincent Casillas},
  Issn = {1886-1741},
  Journal = {La Gaceta Hispánica de Madrid},
  Title = {El uso de los refranes en El Quijote},
  Volume = {VIII},
  Year = {2009}
}

%
% Manuscripts in submission (temporarily set as books)
%

@book{faytak-etal_xxx-article_NA, 
  author = {Faytak, Matthew and Kadavá, Šárka and Xu, Chenzi and Özsoy, Onur and Akumbu, Pius W. and Cardoso, Amanda and Amengual, Mark and Arvaniti, Amalia and Belz, Malte and Bevivino, Dorotea and \authoremph{Casillas, J. V.} and Caudrelier, Tiphaine and Ćwiek, Aleksandra and Dokovova, Marie and Dutta, Indranil and Egurtzegi, Ander and Forst, Hadley and Foulkes, Paul and Garcia, Rowena and Grice, Martine and Hanulíková, Adriana and Hellmuth, Sam and Kaźmierski, Kamil and Li, Xiang and Lorenzen, Janne and Mori, Miki and Nycz, Jennifer Rose and Punnoose, Reenu and Quesada Vázquez, Leticia and Rebernik, Teja and Sawicka-Stępińska, Brygida and Sehyr, Zed and Setter, Jane and Spaniol, Malin and Urrestarazu-Porta, Iñigo and Vella, Alexandra and Zhang, Cong and Zygis, Marzena Iwona and Buchanan, Erin Michellè and Roettger, Timo B.}, 
  title = {Big Team Science for language science: opportunities and challenges}, 
  year = {Under review}, 
  date = {}
}

@book{colina-casillas_shll-article_NA, 
  author = {Colina, S. and Joseph V. Casillas}, 
  title = {Variation in syllabification: {O}nglides in {S}onoran {S}panish}, 
  year = {Under review}, 
  date = {}
}

@book{rascon-casillas_ijb-article_NA, 
  author = {{Andreu Rascón}, I and Joseph V. Casillas}, 
  title = {From Eyes to Ears: {L}2 visual and audio perception of {S}panish vowels}, 
  year = {Under review}, 
  date = {}
}

@book{casillas-etal_linguistics-article_NA, 
  author = {Joseph Vincent Casillas and {Constantin-Dureci}, Gabriela and {Andreu Rascón}, I and Shao, Jiawei and Rodríguez, S. A. and Gadamsetty, Adrija and Minetti, Alexandria and Laungani, Krishita and Thatcher, John and Gardere, R. T. and Taveras, Katherine and Chang, Isabelle and Rodríguez, Nicole and Parrish, Kyle}, 
  title = {Opening open science to all: {D}emystifying reproducibility and transparency practices in linguistic research}, 
  year = {Under review}, 
  date = {}
}


#
# Manuscripts in preparation (set temporarily as book) 
#

@book{garrido-casillas_lextale-article_NA,
  Author = {{Garrido Pozú}, {Juan José} and Joseph Vincent Casillas}, 
  Title = {Assessing language proficiency via vocabulary size},
  Year = {in preparation}, 
  date = {}
}

@book{rodriguez-casillas_stressprod-article_NA,
  Author = {Rodríguez, Nicole and Joseph Vincent Casillas}, 
  Title = {A cross-sectional look at the production of lexical stress in {S}panish-{E}nglish early bilingual children},
  Year = {in preparation}, 
  date = {}
}

@book{rodriguez-casillas_stressperc-article_NA,
  Author = {Rodríguez, Nicole and Joseph Vincent Casillas}, 
  Title = {The perception of lexical stress in early heritage bilinguals},
  Year = {in preparation}, 
  date = {}
}

@book{rodriguez-casillas_stressped-article_NA,
  Author = {Rodríguez, Nicole and Joseph Vincent Casillas}, 
  Title = {Perceptual gains via instructional games: {A}n examination of perception and production of lexical stress in heritage bilingual children},
  Year = {in preparation},
  Date = {}
}

@book{casillas-simonet-aldrich_coronals-article_NA,
  Author = {Joseph Vincent Casillas and Miquel Simonet and Alexander Aldrich}, 
  Title = {Production of coronal stops in {E}nglish and {S}panish},
  Year = {in preparation}, 
  date = {}
}

@book{casillas_semproc-article_NA,
	Author = {Joseph Vincent Casillas}, 
	Title = {Semantic processing affects {L}2 stop production in late learners},
	Year = {in preparation}, 
	date = {}
	}

@book{casillas_stress-article_NA,
  Author = {Joseph Vincent Casillas}, 
  Title = {L1/L2 cue-weighting strategies in the perception of lexical stress},
  Year = {in preparation}, 
  date = {}
}

# -----------------------------------------------------------------------------






% Software --------------------------------------------------------------------

%
% R packages
%
%  - lingstuff https://www.jvcasillas.com/lingStuff/index.html
%  - untidydata https://www.jvcasillas.com/untidydata/index.html
%  - academicWriteR https://www.jvcasillas.com/academicWriteR/index.html
%  - contributoR https://www.jvcasillas.com/contributoR/index.html
%  - ds4ling https://www.jvcasillas.com/ds4ling/index.html
%  - worldlanguages https://www.jvcasillas.com/worldlanguages/index.html
%  - rult https://www.jvcasillas.com/rult/index.html

@electronic{casillas_rult-rpackage_NA,
  Author = {Joseph Vincent Casillas},
  Title = {{rult}: {A} simple interface to download {RU} {lexTALE} data. \newline \emph{R package}: \href{https://www.jvcasillas.com/rult/index.html}{jvcasillas.com/rult}},
  Url = {https://www.jvcasillas.com/rult/index.html}, 
  Year = {2023}
}

@electronic{casillas_worldlanguages-rpackage_NA,
  Author = {Joseph Vincent Casillas},
  Title = {{worldlanguages}: {D}ata Sets About the World's Languages. \newline \emph{R package}: \href{https://www.jvcasillas.com/worldlanguages/index.html}{jvcasillas.com/worldlanguages}},
  Url = {https://www.jvcasillas.com/worldlanguages/index.html}, 
  Year = {2022}
}

@electronic{casillas_ds4ling-rpackage_NA,
  Author = {Joseph Vincent Casillas},
  Title = {{ds4ling}: {C}ourse package compliment for {D}ata {S}cience for {L}inguists. \newline \emph{R package}: \href{https://www.jvcasillas.com/ds4ling/index.html}{jvcasillas.com/ds4ling}},
  Url = {https://www.jvcasillas.com/ds4ling/index.html}, 
  Year = {2021}
}

@electronic{casillas_contributoR-rpackage_NA,
  Author = {Joseph Vincent Casillas},
  Title = {{contributoR}: Visualizing and documenting scholarly contributions. \newline \emph{R package}: \href{https://www.jvcasillas.com/contributoR/index.html}{jvcasillas.com/contributoR}},
  Url = {https://www.jvcasillas.com/contributoR/index.html}, 
  Year = {2020}
}

@electronic{casillas_academicWriteR-rpackage_NA,
  Author = {Joseph Vincent Casillas},
  Title = {{academicWriteR}: Helper functions for academic writing/organization. \newline \emph{R package}: \href{https://www.jvcasillas.com/academicWriteR/index.html}{jvcasillas.com/academicWriteR}},
  Url = {https://www.jvcasillas.com/academicWriteR/index.html}, 
  Year = {2018}
}

@electronic{casillas_untidydata-rpackage_NA,
  Author = {Joseph Vincent Casillas},
  Title = {untidydata: Untidy datasets for teaching the tidyverse. \newline \emph{R package}: \href{https://www.jvcasillas.com/untidydata/index.html}{jvcasillas.com/untidydata}},
  Url = {https://www.jvcasillas.com/untidydata/index.html}, 
  Year = {2018}
}

@electronic{casillas_lingStuff-rpackage_NA,
  Author = {Joseph Vincent Casillas},
  Title = {{lingStuff}: Tools and Gems for Linguistics Related Research. \newline \emph{R package}: \href{https://www.jvcasillas.com/lingStuff/index.html}{jvcasillas.com/lingStuff}},
  Url = {https://www.jvcasillas.com/lingStuff/index.html}, 
  Year = {2017}
}


%
% Shiny apps
%
%  - spanish distinctive features https://jvcasillas.shinyapps.io/shiny_distinctiveFeatures/
%  - r for linguists https://jvcasillas.shinyapps.io/r_for_linguists/
%  - central limit theorom https://jvcasillas.shinyapps.io/shiny_clt/
%  - bivariate linear regression https://jvcasillas.shinyapps.io/shiny_bivariate_regression/
%  - generalized linear model https://jvcasillas.shinyapps.io/shiny_glm/
%  - crossover https://jvcasillas.shinyapps.io/shiny_crossOver/
%  - power calculator https://jvcasillas.shinyapps.io/shiny_power/
%  - parameter space https://jvcasillas.shinyapps.io/shiny_parameter_space/
%  - msa https://jvcasillas.shinyapps.io/shiny_msa/

@electronic{casillas_msa-shiny_NA,
  Author = {Joseph Vincent Casillas},
  Title = {MSA web application for Coretta, Casillas, and Roettger, et al. (2023). \newline \emph{Shiny web application}: \href{https://jvcasillas.shinyapps.io/shiny_msa/}{jvcasillas.shinyapps.io/shiny\_msa/}},
  Url = {https://jvcasillas.shinyapps.io/shiny_msa/}, 
  Year = {2023}
}

@electronic{casillas_paramspace-shiny_NA,
  Author = {Joseph Vincent Casillas},
  Title = {Parameter Space: A visual mapping of data to parameters. \newline \emph{Shiny web application}: \href{https://jvcasillas.shinyapps.io/shiny_parameter_space/}{jvcasillas.shinyapps.io/shiny\_parameter\_space/}},
  Url = {https://jvcasillas.shinyapps.io/shiny_parameter_space/}, 
  Year = {2021}
}

@electronic{casillas_r4ling-shiny_NA,
  Author = {Joseph Vincent Casillas},
  Title = {Data science for linguists: R tutorial. \newline \emph{Shiny web application}: \href{https://jvcasillas.shinyapps.io/r_for_linguists/}{jvcasillas.shinyapps.io/r\_for\_linguists/}},
  Url = {https://jvcasillas.shinyapps.io/r_for_linguists/}, 
  Year = {2018}
}

@electronic{casillas_clt-shiny_NA,
	Author = {Joseph Vincent Casillas},
	Title = {Data science for linguists: {Central Limit Theorem}. \newline
	\emph{Shiny web application}: 
	\href{https://jvcasillas.shinyapps.io/shiny_clt/}{jvcasillas.shinyapps.io/shiny\_clt/}},
	Url = {https://jvcasillas.shinyapps.io/shiny_clt/}, 
	Year = {2018}
	}

@electronic{casillas_blr-shiny_NA,
  Author = {Joseph Vincent Casillas},
  Title = {Data science for linguists: Bivariate linear regression. \newline \emph{Shiny web application}: \href{https://jvcasillas.shinyapps.io/shiny_bivariate_regression/}{jvcasillas.shinyapps.io/shiny\_bivariate\_regression}},
  Url = {https://jvcasillas.shinyapps.io/shiny_bivariate_regression/}, 
  Year = {2018}
}

@electronic{casillas_glm-shiny_NA,
  Author = {Joseph Vincent Casillas},
  Title = {Data science for linguists: The generalized linear model. \newline \emph{Shiny web application}: \href{https://jvcasillas.shinyapps.io/shiny_glm/}{jvcasillas.shinyapps.io/shiny\_glm}},
  Url = {https://jvcasillas.shinyapps.io/shiny_glm/}, 
  Year = {2018}
}

@electronic{casillas_crossover-shiny_NA,
  Author = {Joseph Vincent Casillas},
  Title = {Data science for linguists: Perceptual boundary crossover calculator. \newline \emph{Shiny web application}: \href{https://jvcasillas.shinyapps.io/shiny_crossOver/}{jvcasillas.shinyapps.io/shiny\_crossOver}},
  Url = {https://jvcasillas.shinyapps.io/shiny_crossOver/}, 
  Year = {2018}
}

@electronic{casillas_power-shiny_NA,
  Author = {Joseph Vincent Casillas},
  Title = {Data science for linguists: Power and sample size calculator. \newline \emph{Shiny web application}: \href{https://jvcasillas.shinyapps.io/shiny_power/}{jvcasillas.shinyapps.io/shiny\_power}},
  Url = {https://jvcasillas.shinyapps.io/shiny_power/}, 
  Year = {2018}
}

@electronic{casillas_distinctivefeatures-shiny_NA,
  Author = {Joseph Vincent Casillas},
  Title = {Distinctive features: Allophones of {Spanish}. \newline \emph{Shiny web application}: \href{https://jvcasillas.shinyapps.io/shiny_distinctiveFeatures/}{jvcasillas.shinyapps.io/shiny\_distinctiveFeatures/}},
  Url = {https://jvcasillas.shinyapps.io/shiny_distinctiveFeatures/}, 
  Year = {2017}
}


% - sublime text snippets 
%   - ru_thesis
%   - ua_thesis
%   - r-snippets
%     - https://www.jvcasillas.com/project/r_snippets/
%     - https://packagecontrol.io/packages/R-snippets
%   - ipa-snippets
%     - https://packagecontrol.io/packages/LaTeX-IPA
%     - https://github.com/jvcasillas/LaTeX-IPA

@electronic{casillas_ruthesis-prog_NA,
  Author = {\authoremph{Casillas, J. V.}},
  Title = {{RUthesis}: {R}utgers {U}niversity thesis template in {R}markdown. \newline \emph{Github repository}: \href{https://github.com/jvcasillas/RUthesis}{https://github.com/jvcasillas/RUthesis}},
  Url = {https://github.com/jvcasillas/RUthesis}, 
  Year = {2021}
}

@electronic{casillas_uathesis-prog_NA,
  Author = {\authoremph{Casillas, J. V.}},
  Title = {{UAthesis}: {U}niversity of {A}rizona thesis template in {R}markdown. \newline \emph{Github repository}: \href{https://github.com/jvcasillas/UAthesis}{https://github.com/jvcasillas/UAthesis}},
  Url = {https://github.com/jvcasillas/UAthesis}, 
  Year = {2020}
}

@electronic{casillas_rsnippets-prog_NA,
  Author = {Joseph Vincent Casillas},
  Title = {R-snippets: Sublime Text snippets to facilitate programming in {R}. \newline \emph{Application plugin}: \href{https://packagecontrol.io/packages/R-snippets}{https://packagecontrol.io/packages/R-snippets} \phantom{-} \href{https://github.com/jvcasillas/R-snippets}{\faGithub}},
  Url = {https://packagecontrol.io/packages/R-snippets}, 
  Year = {2017}
}

@electronic{casillas_latexipa-prog_NA,
  Author = {Joseph Vincent Casillas},
  Title = {{\LaTeX}-{IPA}: SublimeText snippets for typesetting {IPA} characters. \newline \emph{Application plugin}: \href{https://packagecontrol.io/packages/LaTeX-IPA}{https://packagecontrol.io/packages/LaTeX-IPA} \phantom{-} \href{https://github.com/jvcasillas/LaTeX-IPA}{\faGithub}},
  Url = {https://packagecontrol.io/packages/R-snippets}, 
  Year = {2017}
}






# Oral presentations ----------------------------------------------------------

#
# refereed presentations 
#

@misc{roettger-casillas_icphs-pres_2023,
  Author = {Roettger, T., B. and Joseph Vincent Casillas}, 
  Month = {August}, 
  Title = {Changing research culture: {T}oward big team speech science}, 
  Organization = {The 20th International Congress of Phonetic Sciences (ICPhS). Prague Congress Center, Prague, Czech Republic}, 
  Year = {2023}
}

@misc{rascon-casillas_hls-pres_2023,
  author = {{Andreu Rascón}, Iván and Joseph Vincent Casillas},
  month = {October},
  title = {The impact of visual articulation on {L}2 perception of vowels},
  organization = {Hispanic Linguistics Symposium. Bringham Young University, Provo, UT},
  year = {2023}
}

@misc{garrido-casillas_hls-pres_2022,
  author = {{Garrido-Pozú}, J. J. and Joseph Vincent Casillas},
  month = {November},
  title = {L2 learners' intuitions in explicit syllabification of {S}panish and {E}nglish},
  organization = {Hispanic Linguistics Symposium, Online. Arizona State University, Tempe, AZ},
  year = {2022}
}

@misc{sagarra-casillas_hls-pres_2022,
  author = {Sagarra, Nuria and Joseph Vincent Casillas},
  month = {November},
  title = {Language Proficiency And Use Affect Stress-Suffix Connections Differently In Early And Late Bilinguals},
  organization = {Hispanic Linguistics Symposium, Online. Arizona State University, Tempe, AZ},
  year = {2022}
}

@misc{casillas_lagb-pres_2022,
  author = {Joseph Vincent Casillas},
  month = {September},
  title = {Open {S}cience practices and reproducible research in the classroom: {A} case study},
  organization = {Linguistic Associaition of Great Britain (LAGB) Annual Meeting. Ulster University, Belfast, Northern Ireland},
  year = {2022}
}

@misc{casillas_newsounds-pres_2022,
  author = {Joseph Vincent Casillas},
  month = {April},
  title = {Forking paths and researchers degrees of freedom: {A}nalytic considerations in perception-production research},
  organization = {The 10th International Symposium on the Acquisition of Second Language Speech (NewSounds). University of Barcelona, Barcelona, Spain},
  year = {2022}
}

@misc{casillas-garrido-rodriguez_caspslap-pres_2022,
  author = {Joseph Vincent Casillas and {Garrido-Pozú}, J. J. and Rodríguez, N and Parrish, K. and {Fernández Arroyo}, L. and Esposito, R and Chang, I and Gómez, K and Constantin-Dureci, G and Shao, J and {Andreu Rascón}, I and Taveras, K},
  month = {February},
  title = {Inferring meaning from intonation: {T}he effects of proficiency and empathy on {L}2 pragmatic skills},
  organization = {Current Approaches to Spanish and Portuguese Second Language Phonology (CASPSLaP), Online. University of Wisconsin-Madison, Madison, WI},
  year = {2022}
}

@misc{casillas-garrido-rodriguez_hls-pres_2021,
  author = {Joseph Vincent Casillas and {Garrido-Pozú}, J. J. and Rodríguez, N and Parrish, K. and {Fernández Arroyo}, L. and Esposito, R and Chang, I and Gómez, K},
  month = {October},
  title = {Using intonation to disambiguate meaning: {T}he role of empathy and proficiency in {L}2 perceptual development},
  organization = {Hispanic Linguistics Symposium, Online. Wake Forest University, Winston-Salem, NC},
  year = {2021}
}

@misc{sagarra-casillas_eurosla-pres_2021,
  author = {Nuria Sagarra and Joseph Vicent Casillas},
  month = {June},
  title = {The effects of prosody, proficiency and working memory on {L}2 lexical prediction},
  organization = {EuroSLA, Online, Universitat de Barcelona, Spain},
  year = {2021}
}

@misc{lozano-sagarra-casillas_isbpac-pres_2021,
  author = {Cristina Lozano-Argüelles and Nuria Sagarra and Joseph Vicent Casillas},
  month = {June},
  title = {The role of working memory during {L}2 prediction of morphology: {E}vidence from professional interpreters},
  organization = {3rd International Symposium on Bilingual and L2 Processing in Adults and Children (ISBPAC 2021), Online},
  year = {2021}
}

@misc{jimenez-casillas_tt5-pres_2020,
  author = {{Jimémez-Crespo}, M. A. and Joseph Vincent Casillas},
  month = {October},
  title = {Are 'literal translations' always easier to process?: {A} process-based study of effort based on comparable corpus data},
  organization = {Translation in Transition: Human and Machine Aspects, Online. Kent State University, Kent, OH},
  year = {2020}
}

@misc{casillas-etal_caspslap-pres_2020,
  author = {Nicole Rodríguez and Cristina Lozano-Argüelles and Laura Fernández Arroyo and Ezequiel Durand and Juan José Garrido Pozu and Jennifer Markovits Rojas and Jessica Varela and Núria {de Rocafiguera} and Joseph Vicent Casillas}, 
  month = {February},
  title = {If you can believe it you can perceive it: Conceptually cueing the double phonemic boundary effect in late bilinguals}, 
  organization = {Current Approaches to Spanish and Portuguese Second Language Phonology (CASPSLaP), San José State University, San José, CA}, 
  year = {2020}
}

@misc{casillas_wise-pres_2020,
  author = {Wiseman, Ana María and Joseph Vincent Casillas and Manel Lacorte and Lara, Ana Cecilia}, 
  month = {February}, 
  title = {How do you pull off all that intercultural stuff at home? Enhancing intercultural development in the L2 classroom in a domestic immersion environment}, 
  organization = {Workshop on Intercultural Skills Enhancement (WISE) Conference, Wake Forest University, Winston-Salem, NC}, 
  year = {2020}
}

@misc{casillas_hlsA-pres_2019,
  author = {Cristina Lozano-Argüelles and Laura Fernández Arroyo and Nicole Rodríguez and Ezequiel Durand and Juan José Garrido Pozú and Jennifer Markovits Rojas and Jessica Varela and Núria {de Rocafiguera} and Joseph Vicent Casillas}, 
  month = {October}, 
  title = {Conceptually cued perceptual categorization in late bilinguals}, 
  organization = {Hispanic Linguistics Symposium, University of Texas at El Paso, El Paso, TX}, 
  year = {2019}
}

@misc{casillas_hlsB-pres_2019,
  author = {Cristina Lozano-Argüelles and Nuria Sagarra and Joseph Vicent Casillas}, 
  month = {October}, 
  title = {Predicting the end: monolinguals, {L}2 learners and interpreters' use of prosody to predict word endings}, 
  organization = {Hispanic Linguistics Symposium, University of Texas at El Paso, El Paso, TX}, 
  year = {2019}
}

@misc{simonet-casillas_coloq-pres_2019,
  author = {Miquel Simonet and Joseph Vicent Casillas}, 
  month = {July}, 
  title = {Perceptual normalization in bilinguals and second language learner}, 
  organization = {Coloquio del Laboratorio de Adquisición del Lenguaje, Valladolid, Spain: Universidad de Valladolid, Department of English Studies}, 
  year = {2019}
}

@misc{colina-diaz-casillas_hls-pres_2018,
  author = {Sonia Colina and Joseph Vincent Casillas and Yamile Díaz}, 
  month = {October}, 
  title = {Syllabic Affiliation of Prevocalic Glides in {S}onoran {S}panish: Dialectal variation in syllabic affiliation}, 
  organization = {Hispanic Linguistics Symposium, University of Texas at Austin, Austin, TX}, 
  year = {2018}
}

@misc{lozano-sagarra-casillas_hls-pres_2018,
  author = {Cristina Lozano-Argüelles and Nuria Sagarra and Joseph Vincent Casillas}, 
  month = {October}, 
  title = {The use of lexical stress and vowel duration for morphological anticipation in {L2} learners of {S}panish}, 
  organization = {Hispanic Linguistics Symposium, University of Texas at Austin, Austin, TX}, 
  year = {2018}
}

@misc{lozano-sagarra-casillas_isbpac-pres_2018,
  author = {Cristina Lozano-Argüelles and Nuria Sagarra and Joseph Vincent Casillas}, 
  month = {February}, 
  title = {The time-course of verbal morphology anticipation: {W}hen interpreting experience makes a difference}, 
  organization = {International Symposium on Bilingual and L2 Processing in Adults and Children (ISBPAC). Universit&auml;t Branschweig, Germany}, 
  year = {2018}
}

@misc{lozano-sagarra-casillas_isb-pres_2017,
  author = {Cristina Lozano-Argüelles and Nuria Sagarra and Joseph Vincent Casillas}, 
  month = {June}, 
  title = {Practice makes perfect. {L2} morphological anticipation in simultaneous interpreters}, 
  organization = {International Symposium on Bilingualism. University of Limerick, Ireland}, 
  year = {2017}
}

@misc{casillas_hlsA-pres_2017,
  author = {Cristina Lozano-Argüelles and Nuria Sagarra and Joseph Vincent Casillas}, 
  month = {October}, 
  title = {The Role of Stress in Morphological Anticipation: Evidence from Interpreters}, 
  organization = {Hispanic Linguistics Symposium, Texas Tech University, Lubbock, TX}, 
  year = {2017}
}

@misc{casillas_hlsB-pres_2017,
  author = {Nuria Sagarra and Joseph Vincent Casillas and Nicole Rodríguez}, 
  month = {October}, 
  title = {The use of stress in lexical access in early and late bilinguals}, 
  organization = {Hispanic Linguistics Symposium, Texas Tech University, Lubbock, TX}, 
  year = {2017}
}

@misc{casillas_slrf-pres_2017,
  author = {Cristina Lozano-Argüelles and Nuria Sagarra and Joseph Vincent Casillas}, 
  month = {October}, 
  title = {Anticipatory eye-movements in morphological prediction: Evidence from interpreters and bilinguals}, 
  organization = {Second Language Research Forum, The Ohio State University}, 
  year = {2017}
}

@misc{casillas_lsrlA-pres_2017,
  author = {Nuria Sagarra and Joseph Vincent Casillas}, 
  month = {April}, 
  title = {Lexical stress predicts {L}1 and {L}2 morphosyntactic processing}, 
  organization = {47th Linguistics Symposium on Romance Languages. University of Delaware, Newark, DE}, 
  year = {2017}
}

@misc{casillas_lsrlB-pres_2017,
  author = {Joseph Vincent Casillas}, 
  month = {April}, 
  title = {The longitudinal development of fine-phonetic detail: Production and perception of Spanish stops in a stateside immersion context}, 
  organization = {47th Linguistics Symposium on Romance Languages. University of Delaware, Newark, DE}, 
  year = {2017}
}

@misc{casillas_sshl-pres_2017,
  author = {Joseph Vincent Casillas}, 
  month = {February}, 
  title = {Coronal stop production in {S}panish heritage speakers}, 
  organization = {4th National Symposium on Spanish as a Heritage Language. University of California at Irvine, Irvine, CA}, 
  year = {2017}
}

@misc{casillas_hls-pres_2016,
  author = {Joseph Vincent Casillas}, 
  month = {October}, 
  title = {Learning to hear fine-phonetic detail: Longitudinal development of language-specific speech perception in adults}, 
  organization = {Hispanic Linguistic Symposium. Georgetown University, Washinton D.C.}, 
  year = {2016}
}

@misc{simonet-casillas-osborne_soundword-pres_2016,
  author = {Miquel Simonet and Joseph Vincent Casillas and Denise Osborne}, 
  month = {April}, 
  title = {Second language acquisition and the double perceptual boundary effect}, 
  organization = {Sound to Word in Bilingual and Second Language Speech Perception. University of Iowa, Iowa City, Iowa}, 
  year = {2016}
}

@misc{simonet-casillas-osborne_ipsp-pres_2016,
  author = {Miquel Simonet and Joseph Vincent Casillas and Denise Osborne}, 
  month = {July}, 
  title = {Second language acquisition and the double perceptual boundary effect}, 
  organization = {Colloquium of the Institute for Phonetics and Speech Processing, Ludwig-Maximilian University of Munich, Munich, Germany}, 
  year = {2016}
}

@misc{simonet-casillas-osborne_slat-pres_2016,
  author = {Miquel Simonet and Joseph Vincent Casillas and Denise Osborne}, 
  month = {October}, 
  title = {Second language acquisition and the double perceptual boundary effect}, 
  organization = {Colloquium of the Second Language Acquisition and Teaching Program, University of Arizona, Tucson, Arizona}, 
  year = {2016}
}

@misc{casillas-diaz-simonet_hls-pres_2015,
  Author = {Joseph Vincent Casillas and Yamile Díaz and Miquel Simonet}, 
  Month = {September}, 
  Organization = {Hispanic Linguistics Symposium. University of Illinois at 
  Urbana-Champaign, Urbana, IL}, 
  Title = {Acoustics of coronal stops in {S}panish-{E}nglish bilingual speech}, 
  Year = {2015}
}

@misc{bessett-casillas-martinez_wss7-pres_2014,
  Author = {Ryan Mathhew Bessett and Joseph Vincent Casillas and Marta Ramírez Martínez}, 
  Month = {April}, 
  Organization = {7th Workshop on Spanish Sociolinguistics. University of Wisconsin-Madison, Madison, WI}, 
  Title = {Language Choice and Accommodation: Casual Encounters Along the {U}.{S}. Border}, 
  Year = {2014}
}

@misc{casillas_slrf-pres_2013,
  Author = {Joseph Vincent Casillas}, 
  Month = {October}, 
  Organization = {Second Language Research Forum (SRLF). Brigham Young University. Provo, Utah}, 
  Title = {Perception of {E}nglish /i/-/ɪ/ tense/lax vowel contrast by early learners of {E}nglish}, 
  Year = {2013}
}

@misc{casillas_papi-pres_2013,
  Author = {Joseph Vincent Casillas}, 
  Month = {June}, 
  Organization = {Phonetics and Phonology in Iberia. Universidade de Lisboa, Lisbon. Portugal}, 
  Title = {English-dominant early {S}panish-{E}nglish bilinguals production and perception of {E}nglish tense lax vowel contrasts}, 
  Year = {2013}
}

@misc{casillas_wss6-pres_2013,
  Author = {Joseph Vincent Casillas}, 
  Month = {April}, 
  Organization = {6th Workshop on Spanish Sociolinguistics. University of Arizona, Tucson, AZ}, 
  Title = {La fricativización del africado /t&#643;/: actitudes lingüísticas cerca de la frontera}, 
  Year = {2013}
}

@misc{casillas_symp-pres_2012,
  Author = {Joseph Vincent Casillas}, 
  Month = {February}, 
  Organization = {22nd Annual Symposium on Hispanic and Luso-Brazilian Literature, Language and Culture. University of Arizona, Tucson, AZ}, 
  Title = {Los piojos, las pulgas y el canto... ¡oh my! Una segunda mirada a la teoría de Dunbar, el cotilleo y el papel de la música en la evolución del lenguage}, 
  Year = {2012}
}

@misc{casillas_symp-pres_2011,
  Author = {Joseph Vincent Casillas}, 
  Month = {March}, 
  Organization = {21st Annual Symposium on Hispanic and Luso-Brazilian Literature. University of Arizona, Tucson, AZ}, 
  Title = {La fricativización del africado /t&#643;/ en el habla de las mujeres del sur de Arizona}, 
  Year = {2011}
}


#
# Poster presentations 
#

@misc{correta-casillas-roettger_eorc-poster_2022,
  Author = {Coretta, Stefano and Joseph Vincent Casillas and Roettger, T. B.}, 
  Month = {May}, 
  Organization = {Edinburgh Open Research Conference (poster presentation). University of Edinburgh, Edinburgh, Scotland},
  Title = {Research Management in "Many Analysts" Projects: {L}essons From the {Many Speech Analyses} Project}, 
  Year = {2022}
}

@misc{casillas_icphs-poster_2019,
  Author = {Joseph Vincent Casillas}, 
  Month = {August}, 
  Organization = {The 19th International Congress of Phonetic Sciences (ICPhS) (poster presentation)}, 
  Title = {Semantic processing triggers cross-linguistic interference during early phonetic category development}, 
  Year = {2019}
}

@misc{lozano-sagarra-casillas_iicped-poster_2018,
  author = {Cristina Lozano-Argüelles and Nuria Sagarra and Joseph Vincent Casillas}, 
  month = {June}, 
  Organization = {II Congreso para profesionales de la educación bilingüe (poster presentation). Madrid, Spain}, 
  title = {Anticipación de morfología en hablantes de español como {L}2}, 
  year = {2018}
}

@misc{sagarra-casillas_sbl2p-poster_2018,
  author = {Nuria Sagarra and Joseph Vincent Casillas}, 
  month = {May}, 
  Organization = {International Symposium on Bilingual and L2 Processing in Adults and Children (poster presentation). Universit&auml;t Braunschweig, Germany}, 
  title = {Prosodic cues facilitate morphological anticipation in monolinguals and bilinguals}, 
  year = {2018}
}

@misc{lozano-sagarra-casillas_bap-poster_2018,
  Author = {Cristina Lozano-Argüelles and Nuria Sagarra and Joseph Vincent Casillas}, 
  Month = {February}, 
  Organization = {Bridging Attention and Prediction (poster presentation). Universitat de Barcelona, Spain}, 
  Title = {Anticipation in Professional Interpreters: {P}redicting {M}orphology}, 
  Year = {2018}
}

@misc{ramirez-casillas_wss8-poster_2016,
  Author = {Marta Ramírez Martínez and Joseph Vincent Casillas}, 
  Month = {April}, 
  Organization = {8th Workshop on Spanish Sociolinguistics (poster presentation). University of Puerto Rico, Río Piedras, PR}, 
  Title = {La producción de la vibrante múltiple en los estudiantes de español como lengua heredada y en los estudiantes de español como lengua extranjera}, 
  Year = {2016}
}

@misc{casillas-diaz-simonet_icphs-poster_2015,
  Author = {Joseph Vincent Casillas and Yamile Díaz and Miquel Simonet}, 
  Month = {August}, 
  Organization = {Proceedings of the 18th International Congress of Phonetic Sciences (poster presentation). University of Glasgow, Glasgow, Scotland}, 
  Title = {Acoustics of Spanish and English coronal stops}, 
  Year = {2015}
}

@misc{simonet-casillas-diaz_hls-poster_2014,
  Author = {Miquel Simonet and Joseph Vincent Casillas and Yamile Díaz}, 
  Month = {November}, 
  Organization = {Hispanic Linguistics Symposium (poster presentation). Purdue University, West Lafayette, IN.}, 
  Title = {A contrastive acoustic analysis of dental and alveolar stops in {S}panish and {E}nglish}, 
  Year = {2014}
}

@misc{simonet-casillas-diaz_sp7-poster_2014,
  Author = {Miquel Simonet and Joseph Vincent Casillas and Yamile Díaz}, 
  Month = {May}, 
  Organization = {Speech Prosody 7: Social and Linguistic Speech Prosody (poster presentation). Trinity College, Dublin, Ireland}, 
  Title = {The effects of stress/accent on VOT depend on language ({E}nglish, {S}panish), consonant (/d/, /t/) and linguistic experience (monolinguals, bilinguals)}, 
  Year = {2014}
}

@misc{casillas_pplc-poster_2013,
  Author = {Joseph Vincent Casillas and Miquel Simonet}, 
  Month = {August}, 
  Organization = {PPLC 13: Phonetics, phonology and languages in contact: Contact varieties, multilingualism, and second language learning (poster presentation). Paris, Délégation Générale Wallonie-Bruxelles}, 
  Title = {English-dominant early {S}panish/{E}nglish bilinguals perception of {E}nglish tense-lax vowel contrasts}, 
  Year = {2013}
}

#
# Unrefereed presentations 
#

@misc{subina-casillas_arestyUNREF-poster_2023,
  Author = {Melany Subina and Kyle Parrish and {Andreu Rascón}, Ivan and Gabriela Constantin-Dureci and Jiawei Shao and Isabelle Chang and Adrija Gadamsetty and Katherine Taveras and Joseph Vincent Casillas},
  Month = {April}, 
  Organization = {Aresty Undergraduate Research Symposium. Rutgers University, New Brunswick}, 
  Title = {Fostering Open Science in Linguistics}, 
  Year = {2023}
}

@misc{taveras-casillas_arestyUNREF-poster_2022,
  Author = {Katherine Taveras and Joseph Vincent Casillas}, 
  Month = {April}, 
  Organization = {Aresty Undergraduate Research Symposium. Rutgers University, New Brunswick}, 
  Title = {The Development of Intonation Perception During Second Language Acquisition: the Role of Empathy and Proficiency}, 
  Year = {2022}
}

@misc{chang-gomez-casillas_arestyUNREF-poster_2021,
  Author = {Isabelle Chang and Kimberly G{ó}mez and Joseph Vincent Casillas}, 
  Month = {April}, 
  Organization = {Aresty Undergraduate Research Symposium, Rutgers University, New Brunswick}, 
  Title = {Intonation acquisition in adult {L}2 learners of {S}panish}, 
  Year = {2021}
}

@misc{field-casillas_arestyUNREF-poster_2020,
  Author = {Avery Field and Joseph Vincent Casillas}, 
  Month = {April}, 
  Organization = {Aresty Undergraduate Research Symposium, Rutgers University, New Brunswick}, 
  Title = {Semantic processing effects on {L}2 stop production}, 
  Year = {2020}
}

@misc{casillas_middUNREF-pres_2017,
  Author = {Joseph Vincent Casillas}, 
  Month = {July}, 
  Organization = {School of Spanish Round Table, Middlebury College, Middlebury, VT}, 
  Title = {Crossing borders? {T}he status and future of {S}panish in the {U.S.}}, 
  Year = {2017}
}

@misc{sagarra-casillas-lozano-eriksson_arestyUNREF-poster_2017,
  Author = {Nuria Sagarra and Joseph Vincent Casillas and Cristina Lozano-Argüelles and F Eriksson and J Uscamayta and J Overton}, 
  Month = {April}, 
  Organization = {Aresty Undergraduate Research Symposium. Rutgers University, New Brunswick}, 
  Title = {Using lexical stress to predict inflectional morphology}, 
  Year = {2017}
}

@misc{sagarra-casillas-lozano-rodriguez_pcsf11-poster_2017,
  Author = {Nuria Sagarra and Joseph Vincent Casillas and Cristina Lozano-Argüelles and Nicole Rodríguez}, 
  Month = {April}, 
  Organization = {11th annual Perceptual and Cognitive Science Forum. Rutgers University, New Brunswick}, 
  Title = {Eye-tracking reveals bilinguals use stress to predict morphology}, 
  Year = {2017}
}

@misc{casillas_share-pres_2011,
  Author = {Joseph Vincent Casillas}, 
  Month = {March}, 
  Organization = {Spanish Heritage Language Program Share Day. University of Arizona, Tucson, AZ}, 
  Title = {Going mental with vocabulary: the use of iDevice applications in the classroom}, 
  Year = {2011}
}

%
% Invited talks 
%

@misc{casillas_uasymposium-talk_2024,
  Author = {Joseph Vincent Casillas}, 
  Title = {Reproducible research practices, transparency, and big team science: {W}hat it means for {L}2 speech research and {H}ispanic {L}inguistics}, 
  Series = {33rd Annual Graduate and Professional Symposium on Hispanic and Luso-Brazilian Literature, Language and Culture (Keynote speaker)}, 
  Organization = {University of Arizona. Tucson, AZ}, 
  Month = {March}, 
  Year = {2024}
}

@misc{casillas_caspslap-talk_2024,
  Author = {Joseph Vincent Casillas}, 
  Title = {Transparency, reproducibility, and big team science: {O}pening open science practices for {L}2 speech research}, 
  Organization = {Current Approaches to Spanish and Portuguese Second Language Phonology (CASPSLaP) (Keynote speaker). NC State University. Raleigh, NC}, 
  Month = {March}, 
  Year = {2024}
}

@misc{casillas_advmethods-talk_2024,
  Author = {Joseph Vincent Casillas}, 
  Title = {On why big team science is difficult (tentative title)}, 
  Organization = {Princeton Seminar in Advanced Research Methods (Invited talk). Princeton University. Princeton, NJ}, 
  Month = {February}, 
  Year = {2024}
}

@misc{casillas_figs-talk_2023,
  Author = {Joseph Vincent Casillas}, 
  Title = {Second language speech research and cognitive science}, 
  Organization = {First-year interest group seminar on Cognitive Science (Invited talk). Rutgers University. New Brunswick, NJ}, 
  Month = {October}, 
  Year = {2023}
}

@misc{casillas_furman-talk_2023,
  Author = {Joseph Vincent Casillas}, 
  Title = {Out of the Garden and Into the Multiverse: {O}pen science practices, multidimensional degrees of freedom, and speech sciences}, 
  Organization = {Furman Lecture Series in Linguistics (Invited talk). Furman University. Greenville, SC}, 
  Month = {October}, 
  Year = {2023}
}

@misc{casillas_toronto-talk_2023,
  Author = {Joseph Vincent Casillas}, 
  Title = {Out of the Garden and Into the Multiverse: {O}pen science practices, multidimensional degrees of freedom, and speech sciences}, 
  Organization = {Spanish and Portuguese Lecture Series (Invited talk). University of Toronto. Toronto, CA}, 
  Month = {April}, 
  Year = {2023}
}

@misc{casillas_penn-talk_2023,
  Author = {Joseph Vincent Casillas}, 
  Title = {Out of the Garden and Into the Multiverse: {O}pen science practices, multidimensional degrees of freedom, and speech sciences}, 
  Organization = {Center for Language Science Lecture Series (Invited talk). Penn State. College Station, PA}, 
  Month = {March}, 
  Year = {2023}
}

@misc{casillas_uiuc-talk_2023,
  Author = {Joseph Vincent Casillas}, 
  Title = {Out of the Garden and Into the Multiverse: {O}pen science practices, multidimensional degrees of freedom, and speech sciences}, 
  Organization = {Spanish and Portuguese Lecture Series (Invited talk). University of Illinois. Urbana-Champaign, IL}, 
  Month = {March}, 
  Year = {2023}
}

@misc{casillas_anwA-talk_2018,
  Author = {Joseph Vincent Casillas}, 
  Title = {Technology for teaching: Using Praat to teach {L2} pronunciation}, 
  Organization = {Middlebury College Language Schools (Invited talk), Middlebury College. Middlebury, Vermont}, 
  Month = {August}, 
  Year = {2018}
}

@misc{casillas_amwB-talk_2018,
  Author = {Joseph Vincent Casillas}, 
  Title = {Inter-cultural development through text mining}, 
  Organization = {Middlebury College Language Schools (Invited talk), Middlebury College. Middlebury, Vermont}, 
  Month = {August}, 
  Year = {2018}
}

@misc{casillas_dmlwc-talk_2017,
  Author = {Joseph Vincent Casillas}, 
  Title = {Second language pronunciation and variation in the Spanish-speaking world}, 
  Organization = {Department of Modern Languages Invited talk, Washington College. Chestertown, Maryland}, 
  Month = {November}, 
  Year = {2017}
}

@misc{casillas_slat-talk_2014,
  Author = {Joseph Vincent Casillas}, 
  Title = {An Overview of the Acquisition of {L}2 Phonetics and Phonology}, 
  Organization = {University of Arizona. Tucson, Arizona, Second Language Acquisition and Teaching (SLAT) PhD Proseminar (co-instructor)}, 
  Month = {October}, 
  Year = {2014}
}

#
# Workshops 
#

@misc{casillas_pswrmal-ws_2024,
  Author = {\authoremph{Casillas, J. V.}}, 
  Title = {Data visualization for linguists}, 
  Organization = {The Penn State Workshops in Research Methods for Applied Linguists (workshop). Penn State. College Station, PA}, 
  Month = {November}, 
  Year = {2024}
}

@misc{casillas_uasymposium-ws_2024,
  Author = {Joseph Vincent Casillas}, 
  Title = {Data visualization for linguists}, 
  Organization = {33rd Annual Graduate and Professional Symposium on Hispanic and Luso-Brazilian Literature, Language and Culture (workshop). University of Arizona. Tucson, AZ}, 
  Month = {March}, 
  Year = {2024}
}

@misc{casillas_princeton-ws_2024,
  Author = {Joseph Vincent Casillas}, 
  Title = {Advanced Bayesian Data Analysis}, 
  Organization = {Princeton Seminar in Advanced Research Methods (workshop). Princeton University. Princeton, NJ}, 
  Month = {February}, 
  Year = {2024}
}

@misc{casillas_psllt-ws_2023,
  Author = {Joseph Vincent Casillas}, 
  Title = {Data visualization for linguists}, 
  Organization = {14th Pronunciation in Second Langauge Learning and Teaching (PSLLT) Conference (workshop). Purdue University. West Lafayette, IN}, 
  Month = {September}, 
  Year = {2023}
}

@misc{casillas_stats-ws_2022,
  Author = {Joseph Vincent Casillas}, 
  Title = {Statistics for Linguists}, 
  Organization = {Three day workshop series. University of the Basque Country. Vitoria-Gasteiz, Spain}, 
  Month = {December}, 
  Year = {2022}
}

@misc{casillas_git-ws_2021,
  Author = {Joseph Vincent Casillas}, 
  Title = {Open science resources: {G}it and github for linguists}, 
  Series = {{S}outh {E}ast {N}etwork for {S}ocial {S}ciences ({SeNSS}) Open science workshops}, 
  Organization = {Royal Holloway, University of London}, 
  Month = {July}, 
  Year = {2021}
}

@misc{casillas_rmd-ws_2021,
  Author = {Joseph Vincent Casillas}, 
  Title = {Open science resources: {R}{M}arkdown for linguists}, 
  Series = {{S}outh {E}ast {N}etwork for {S}ocial {S}ciences ({SeNSS}) Open science workshops}, 
  Organization = {Royal Holloway, University of London}, 
  Month = {July}, 
  Year = {2021}
}
	
@misc{casillas-coretta-roettger_bayes-ws_2021,
  Author = {Joseph Vincent Casillas and Timo Roettger and Stefano Coretta}, 
  Title = {{L}earn {B}ayesian {A}nalysis for {S}peech {S}ciences ({learnB4SS})}, 
  Organization = {Laboratory Phonology (invited workshop), Online}, 
  Month = {July}, 
  Year = {2021}
}

@misc{casillas_publishing-ws_2020,
  Author = {Joseph Vincent Casillas}, 
  Title = {Academic publishing: {E}verything is on fire}, 
  Series = {Department of Spanish and Portuguese Job Market (Workshop series)}, 
  Organization = {Rutgers University. New Brunswick, New Jersey}, 
  Month = {October}, 
  Year = {2020}
}

@misc{casillas_jobmarket-ws_2019,
  Author = {Joseph Vincent Casillas}, 
  Title = {Job market workshop: {T}he interview}, 
  Series = {Department of Spanish and Portuguese Job Market (Workshop series)}, 
  Organization = {Rutgers University. New Brunswick, New Jersey}, 
  Month = {October}, 
  Year = {2019}
}

@misc{casillas_jobmarket-ws_2018,
  Author = {Joseph Vincent Casillas}, 
  Title = {Job market workshop: {T}he interview}, 
  Series = {Department of Spanish and Portuguese Job Market (Workshop series)}, 
  Organization = {Rutgers University. New Brunswick, New Jersey}, 
  Month = {October}, 
  Year = {2018}
}

@misc{casillas_pronunciation-ws_2018,
  Author = {Joseph Vincent Casillas}, 
  Title = {Using phonetics exercises to improve {L2} pronunciation}, 
  Series = {Middlebury College Language Schools (Workshop)}, 
  Organization = {Middlebury College. Middlebury, Vermont}, 
  Month = {June}, 
  Year = {2018}
}

@misc{casillas_psychopy-ws_2017,
  Author = {Joseph Vincent Casillas}, 
  Title = {Best practices and tools for pycholinguistic research with bilinguals: A gentle introduction to {PsychoPy2}}, 
  Organization = {Hispanic Linguistics Symposium (workshop), Texas Tech University. Lubbock, Texas}, 
  Month = {October}, 
  Year = {2017}
}

@misc{casillas_hped-ws_2017,
  Author = {Joseph Vincent Casillas}, 
  Title = {From code-mixing to mixed methods: Strategies for teaching heritage language learners in the '{L}2 classroom'}, 
  Series = {The Language Center Workshop Series in Collaboration with the World Language Classroom (workshop)}, 
  Organization = {Rutgers University. New Brunswick, New Jersey}, 
  Month = {March}, 
  Year = {2017}
}

@misc{casillas_rmarkdown-ws_2015,
  Author = {Joseph Vincent Casillas}, 
  Month = {January}, 
  Organization = {University of Arizona. Tucson, Arizona}, 
  Series = {College of Humanities Instructional Computing (workshop)}, 
  Title = {Alternative Forms of Presentation: Introduction to {Rmarkdown}}, 
  Year = {2015}
}

@misc{casillas_qualtrics-ws_2015,
  Author = {Joseph Vincent Casillas}, 
  Month = {January}, 
  Organization = {University of Arizona. Tucson, Arizona}, 
  Series = {College of Humanities Instructional Computing (workshop)}, 
  Title = {Introduction to Qualtrics}, 
  Year = {2015}
}

@misc{casillas_psychopy-ws_2014,
  Author = {Joseph Vincent Casillas}, 
  Month = {October}, 
  Organization = {University of Arizona. Tucson, Arizona}, 
  Series = {Second Language Acquisition and Teaching (SLAT) PhD Proseminar (workshop)}, 
  Title = {Using {P}yscho{P}y2 for Linguistic Research}, 
  Year = {2014}
}

@misc{casillas_latex-ws_2014,
  Author = {Joseph Vincent Casillas}, 
  Month = {November}, 
  Organization = {University of Arizona. Tucson, Arizona}, 
  Series = {College of Humanities Instructional Computing (workshop)}, 
  Title = {{LaTeX} for Linguists}, 
  Year = {2014}
}
